<?xml version="1.0" encoding="utf-8"?>
<soapenv:Envelope xmlns:soapenv="http://schemas.xmlsoap.org/soap/envelope/" xmlns:xsd="http://www.w3.org/2001/XMLSchema" xmlns:xsi="http://www.w3.org/2001/XMLSchema-instance">
	<soapenv:Body>
		<updateResponse xmlns="http://www.loc.gov/zing/srw/update/">
			<ns1:version xmlns:ns1="http://www.loc.gov/zing/srw/">1.0</ns1:version>
			<operationStatus>success</operationStatus>
			<recordIdentifier>123123933</recordIdentifier>
			<ns2:record xmlns:ns2="http://www.loc.gov/zing/srw/">
				<ns2:recordSchema>info:srw/schema/1/marcxml-v1.1</ns2:recordSchema>
				<ns2:recordPacking>xml</ns2:recordPacking>
				<ns2:recordData>
					<mx:record xmlns:mx="http://www.loc.gov/MARC21/slim">
						<mx:leader>     cam a22      i 4500</mx:leader>
						<mx:controlfield tag="001">123123933</mx:controlfield>
						<mx:controlfield tag="003">PICA</mx:controlfield>
						<mx:controlfield tag="005">20070821100254.0</mx:controlfield>
						<mx:controlfield tag="008">070619s2007    lu            000 0 eng d</mx:controlfield>
						<mx:datafield ind1=" " ind2=" " tag="020">
							<mx:subfield code="a">9789279048050</mx:subfield>
						</mx:datafield>
						<mx:datafield ind1=" " ind2=" " tag="020">
							<mx:subfield code="z">9279048050</mx:subfield>
						</mx:datafield>
						<mx:datafield ind1="1" ind2=" " tag="029">
							<mx:subfield code="a">NLGGC</mx:subfield>
							<mx:subfield code="b">303360607</mx:subfield>
						</mx:datafield>
						<mx:datafield ind1=" " ind2=" " tag="040">
							<mx:subfield code="a">NLGGC</mx:subfield>
							<mx:subfield code="b">dut</mx:subfield>
							<mx:subfield code="c">NLGGC</mx:subfield>
							<mx:subfield code="e">fobidrtb</mx:subfield>
						</mx:datafield>
						<mx:datafield ind1=" " ind2=" " tag="084">
							<mx:subfield code="a">02.14</mx:subfield>
							<mx:subfield code="2">bcl</mx:subfield>
						</mx:datafield>
						<mx:datafield ind1="1" ind2="0" tag="245">
							<mx:subfield code="a">FP7 in brief :</mx:subfield>
							<mx:subfield code="b">how to get involved in the EU 7th Framework Programme for Research.</mx:subfield>
						</mx:datafield>
						<mx:datafield ind1=" " ind2=" " tag="260">
							<mx:subfield code="a">Luxembourg :</mx:subfield>
							<mx:subfield code="b">Office for Official Publications of the European Comunities,</mx:subfield>
							<mx:subfield code="c">2007.</mx:subfield>
						</mx:datafield>
						<mx:datafield ind1=" " ind2=" " tag="300">
							<mx:subfield code="a">31 p. :</mx:subfield>
							<mx:subfield code="b">ill. ;</mx:subfield>
							<mx:subfield code="c">15 cm.</mx:subfield>
						</mx:datafield>
						<mx:datafield ind1=" " ind2=" " tag="500">
							<mx:subfield code="a">Titel op omslag. - Op omslag tevens de vermelding: a pocket guide for newcomers.</mx:subfield>
						</mx:datafield>
						<mx:datafield ind1=" " ind2=" " tag="500">
							<mx:subfield code="a">Cat. nr.: KI-77-07-031-EN-C.</mx:subfield>
						</mx:datafield>
						<mx:datafield ind1=" " ind2=" " tag="504">
							<mx:subfield code="a">Lit.opg.</mx:subfield>
						</mx:datafield>
						<mx:datafield ind1="1" ind2="7" tag="650">
							<mx:subfield code="a">Subsidies.</mx:subfield>
							<mx:subfield code="2">gtt</mx:subfield>
						</mx:datafield>
						<mx:datafield ind1="1" ind2="7" tag="650">
							<mx:subfield code="a">Onderzoek.</mx:subfield>
							<mx:subfield code="2">gtt</mx:subfield>
						</mx:datafield>
						<mx:datafield ind1=" " ind2="7" tag="651">
							<mx:subfield code="a">EU-landen.</mx:subfield>
							<mx:subfield code="2">gtt</mx:subfield>
						</mx:datafield>
						<mx:datafield ind1=" " ind2=" " tag="691">
							<mx:subfield code="a">organisatie van wetenschap en cultuur.</mx:subfield>
						</mx:datafield>
						<mx:datafield ind1="2" ind2=" " tag="710">
							<mx:subfield code="a">European Commission.</mx:subfield>
							<mx:subfield code="b">Community Research.</mx:subfield>
						</mx:datafield>
						<mx:datafield ind1=" " ind2=" " tag="949">
							<mx:subfield code="l">KOB</mx:subfield>
						</mx:datafield>
					</mx:record>
				</ns2:recordData>
			</ns2:record>
			<ns3:extraResponseData xmlns:ns3="http://www.loc.gov/zing/srw/"/>
		</updateResponse>
	</soapenv:Body>
</soapenv:Envelope>
